


@online{1409.0473,
Author = {Dzmitry Bahdanau and Kyunghyun Cho and Yoshua Bengio},
Title = {Neural Machine Translation by Jointly Learning to Align and Translate},
Year = {2014},
Eprint = {1409.0473},
Eprinttype = {arXiv},
}

@online{1408.5882,
Author = {Yoon Kim},
Title = {Convolutional Neural Networks for Sentence Classification},
Year = {2014},
Eprint = {1408.5882},
Eprinttype = {arXiv},
}

@online{1706.03762,
Author = {Ashish Vaswani and Noam Shazeer and Niki Parmar and Jakob Uszkoreit and Llion Jones and Aidan N. Gomez and Lukasz Kaiser and Illia Polosukhin},
Title = {Attention Is All You Need},
Year = {2017},
Eprint = {1706.03762},
Eprinttype = {arXiv},
}

@online{1810.04805,
Author = {Jacob Devlin and Ming-Wei Chang and Kenton Lee and Kristina Toutanova},
Title = {BERT: Pre-training of Deep Bidirectional Transformers for Language Understanding},
Year = {2018},
Eprint = {1810.04805},
Eprinttype = {arXiv},
}


@article{hochreiter1997long,
  title={Long short-term memory},
  author={Hochreiter, Sepp and Schmidhuber, J{\"u}rgen},
  journal={Neural computation},
  volume={9},
  number={8},
  pages={1735--1780},
  year={1997},
  publisher={MIT Press}
}